<record xmlns="http://www.loc.gov/MARC21/slim" xmlns:xsi="http://www.w3.org/2001/XMLSchema-instance" xsi:schemaLocation="http://www.loc.gov/MARC21/slim http://www.loc.gov/standards/marcxml/schema/MARC21slim.xsd"><leader>02602nam a2200421   4500</leader><controlfield tag="001">001680160</controlfield><controlfield tag="003">NNU</controlfield><controlfield tag="006">m        d        </controlfield><controlfield tag="007">cr cn |||m|||a</controlfield><controlfield tag="008">150223s1952    sy      o     000 0 ara d</controlfield><datafield ind1=" " ind2=" " tag="040"><subfield code="a">NNU</subfield><subfield code="b">eng</subfield><subfield code="e">rda</subfield><subfield code="c">NNU</subfield></datafield><datafield ind1="1" ind2=" " tag="100"><subfield code="6">880-01</subfield><subfield code="a">&#699;Amri&#772;t&#803;i&#772;, Yah&#803;ya&#769; ibn Mu&#772;sa&#769;,</subfield><subfield code="d">active 1581.</subfield></datafield><datafield ind1="1" ind2="0" tag="245"><subfield code="6">880-02</subfield><subfield code="a">Niha&#772;yat al-tadri&#772;b fi&#772; naz&#803;m Gha&#772;yat al-taqri&#772;b /</subfield><subfield code="c">ta'li&#772;f Sharaf al-Di&#772;n Yah&#803;ya&#769; ibn Nu&#772;r al-Di&#772;n Mu&#772;sa&#769; al-&#699;Amri&#772;t&#803;i&#772; ; &#699;uniya&#772; bi-tas&#803;h&#803;i&#772;h&#803;iha&#772; wa-al-ta&#699;li&#772;q &#699;alayha&#772; Muh&#803;ammad H&#803;asan H&#803;abannakah al-Mayda&#772;ni&#772;.</subfield></datafield><datafield ind1=" " ind2=" " tag="260"><subfield code="6">880-03</subfield><subfield code="a">Dimashq :</subfield><subfield code="b">al-Maktabah al-&#699;Arabi&#772;yah,</subfield><subfield code="c">1372 [1952]</subfield></datafield><datafield ind1=" " ind2=" " tag="300"><subfield code="a">online resource (188 pages)</subfield></datafield><datafield ind1=" " ind2=" " tag="336"><subfield code="a">text</subfield><subfield code="2">rdacontent</subfield></datafield><datafield ind1=" " ind2=" " tag="337"><subfield code="a">computer</subfield><subfield code="2">rdamedia</subfield></datafield><datafield ind1=" " ind2=" " tag="338"><subfield code="a">online resource</subfield><subfield code="2">rdacarrier</subfield></datafield><datafield ind1=" " ind2=" " tag="500"><subfield code="a">A versification of Abu&#772; Shuja&#772;&#699;'s work commonly known under the title: Gha&#772;yat al-ikhtis&#803;a&#772;r.</subfield></datafield><datafield ind1=" " ind2=" " tag="500"><subfield code="a">Part of the Arabic Collections Online (ACO) project, contributed by New York Univeristy Libraries.</subfield></datafield><datafield ind1=" " ind2=" " tag="533"><subfield code="a">Electronic reproduction.</subfield><subfield code="b">New York, N.Y. :</subfield><subfield code="c">New York University,</subfield><subfield code="d">2015.</subfield><subfield code="5">NNU</subfield></datafield><datafield ind1=" " ind2="0" tag="650"><subfield code="a">Islamic law.</subfield></datafield><datafield ind1=" " ind2="0" tag="650"><subfield code="a">Shafiites.</subfield></datafield><datafield ind1=" " ind2="7" tag="650"><subfield code="a">Islamic law.</subfield><subfield code="2">fast</subfield><subfield code="0">(OCoLC)fst00979949</subfield></datafield><datafield ind1=" " ind2="7" tag="650"><subfield code="a">Shafiites.</subfield><subfield code="2">fast</subfield><subfield code="0">(OCoLC)fst01115053</subfield></datafield><datafield ind1="1" ind2=" " tag="700"><subfield code="6">880-04</subfield><subfield code="a">Mayda&#772;ni&#772;, Muh&#803;ammad H&#803;asan H&#803;abannakah.</subfield></datafield><datafield ind1="1" ind2="2" tag="700"><subfield code="6">880-05</subfield><subfield code="a">Abu&#772; Shuja&#772;&#699; al-Is&#803;faha&#772;ni&#772;, Ah&#803;mad ibn al-H&#803;usayn,</subfield><subfield code="d">approximately 1042-</subfield><subfield code="t">Mukhtas&#803;ar fi&#772; al-fiqh &#699;ala&#769; madhhab al-Sha&#772;fi&#699;i&#772;.</subfield></datafield><datafield ind1="2" ind2=" " tag="710"><subfield code="a">New York University.</subfield><subfield code="b">Libraries.</subfield></datafield><datafield ind1="0" ind2=" " tag="730"><subfield code="a">Arabic Collections Online.</subfield></datafield><datafield ind1="0" ind2="8" tag="776"><subfield code="i">Print version:</subfield><subfield code="a">&#699;Amri&#772;t&#803;i&#772;, Yah&#803;ya&#769; ibn Mu&#772;sa&#769;, active 1581.</subfield><subfield code="t">Niha&#772;yat al-tadri&#772;b fi&#772; naz&#803;m Gha&#772;yat al-taqri&#772;b</subfield><subfield code="w">(NNU)001680160</subfield></datafield><datafield ind1="4" ind2="0" tag="856"><subfield code="u">http://hdl.handle.net/2333.1/v9s4mzmn</subfield></datafield><datafield ind1="1" ind2=" " tag="880"><subfield code="6">100-01/</subfield><subfield code="a">&#1593;&#1605;&#1585;&#1608;&#1610;&#1591;&#1610;&#1548; &#1610;&#1581;&#1610;&#1609; &#1576;&#1606; &#1605;&#1608;&#1587;&#1609;&#1548;</subfield><subfield code="d">active 1581.</subfield></datafield><datafield ind1="1" ind2="0" tag="880"><subfield code="6">245-02/</subfield><subfield code="a">&#1606;&#1607;&#1575;&#1610;&#1577; &#1575;&#1604;&#1578;&#1583;&#1585;&#1610;&#1576; &#1601;&#1610; &#1606;&#1592;&#1605; &#1594;&#1575;&#1610;&#1577; &#1575;&#1604;&#1578;&#1602;&#1585;&#1610;&#1576; /</subfield><subfield code="c">&#1578;&#1571;&#1604;&#1610;&#1601; &#1588;&#1585;&#1601; &#1575;&#1604;&#1583;&#1610;&#1606; &#1610;&#1581;&#1610;&#1609; &#1576;&#1606; &#1606;&#1608;&#1585; &#1575;&#1604;&#1583;&#1610;&#1606; &#1605;&#1608;&#1587;&#1609; &#1575;&#1604;&#1593;&#1605;&#1585;&#1610;&#1591;&#1610; &#1563; &#1593;&#1606;&#1610; &#1576;&#1578;&#1589;&#1581;&#1610;&#1581;&#1607;&#1575; &#1608;&#1575;&#1604;&#1578;&#1593;&#1604;&#1610;&#1602; &#1593;&#1604;&#1610;&#1607;&#1575; &#1605;&#1581;&#1605;&#1583; &#1581;&#1587;&#1606; &#1581;&#1576;&#1606;&#1603;&#1577; &#1575;&#1604;&#1605;&#1610;&#1583;&#1575;&#1606;&#1610;.</subfield></datafield><datafield ind1=" " ind2=" " tag="880"><subfield code="6">260-03/</subfield><subfield code="a">&#1583;&#1605;&#1588;&#1602; :</subfield><subfield code="b">&#1575;&#1604;&#1605;&#1603;&#1578;&#1576;&#1577; &#1575;&#1604;&#1593;&#1585;&#1576;&#1610;&#1577;&#1548;</subfield><subfield code="c">1372 [1952]</subfield></datafield><datafield ind1="1" ind2=" " tag="880"><subfield code="6">700-04/</subfield><subfield code="a">&#1605;&#1610;&#1583;&#1575;&#1606;&#1610;&#1548; &#1605;&#1581;&#1605;&#1583; &#1581;&#1587;&#1606; &#1581;&#1576;&#1606;&#1603;&#1577;.</subfield></datafield><datafield ind1="1" ind2="2" tag="880"><subfield code="6">700-05/</subfield><subfield code="a">&#1571;&#1576;&#1608; &#1588;&#1580;&#1575;&#1593; &#1575;&#1604;&#1575;&#1589;&#1601;&#1607;&#1575;&#1606;&#1610;&#1548; &#1571;&#1581;&#1605;&#1583; &#1576;&#1606; &#1575;&#1604;&#1581;&#1587;&#1610;&#1606;&#1548;</subfield><subfield code="d">approximately 1042-</subfield><subfield code="t">&#1605;&#1582;&#1578;&#1589;&#1585; &#1601;&#1610; &#1575;&#1604;&#1601;&#1602;&#1607; &#1593;&#1604;&#1609; &#1605;&#1584;&#1607;&#1576; &#1575;&#1604;&#1588;&#1575;&#1601;&#1593;&#1610;.</subfield></datafield><datafield ind1=" " ind2=" " tag="959"><subfield code="a">NNU</subfield><subfield code="b">WEB</subfield><subfield code="c">GENI</subfield><subfield code="t">0</subfield><subfield code="m">Electronic access</subfield><subfield code="s">01</subfield></datafield><datafield ind1=" " ind2=" " tag="999"><subfield code="i">NNU_001680160</subfield><subfield code="s">nyu_aco000078</subfield></datafield></record>